<?xml version="1.0" encoding="UTF-8"?><collection xmlns="http://www.loc.gov/MARC21/slim"><record><leader>00477nam--2200133-i-4500</leader><controlfield tag="001">000020083</controlfield><controlfield tag="002">20161230</controlfield><controlfield tag="005">20161230201033</controlfield><controlfield tag="008">060222s1000------------r-----000-0-eng-d</controlfield><datafield ind1=" " ind2=" " tag="100"><subfield code="a">Constantinescu, Aurelian</subfield></datafield><datafield ind1=" " ind2=" " tag="245"><subfield code="a">Lascu-simion, n</subfield></datafield><datafield ind1=" " ind2=" " tag="260"><subfield code="a">Oteluri Pentru Constructii Mecanice.Marci Si Domenii De Utilizare</subfield></datafield><datafield ind1=" " ind2=" " tag="490"><subfield code="a">Bucuresti, Of.De Informare Documentara Pentru Aprovizionarea Tehnico-materiala Si Controlul Gospodaririi Fondurilor Fixe, 1983. 344 P</subfield></datafield><datafield ind1=" " ind2=" " tag="852"><subfield code="a">669.14</subfield></datafield></record></collection>